@inproceedings{jung2001camera,
  title={Camera trajectory estimation using inertial sensor measurements and structure from motion results},
  author={Jung, S-H and Taylor, Camillo J},
  booktitle={Computer Vision and Pattern Recognition, 2001. CVPR 2001. Proceedings of the 2001 IEEE Computer Society Conference on},
  volume={2},
  pages={II--II},
  year={2001},
  organization={IEEE}
}

@article{nutzi2011fusion,
  title={Fusion of IMU and vision for absolute scale estimation in monocular SLAM},
  author={N{\"u}tzi, Gabriel and Weiss, Stephan and Scaramuzza, Davide and Siegwart, Roland},
  journal={Journal of intelligent \& robotic systems},
  volume={61},
  number={1-4},
  pages={287--299},
  year={2011},
  publisher={Springer}
}

@article{zhang,
  title={A flexible new technique for camera calibration},
  author={Zhang, Zhengyou},
  journal={IEEE Transactions on pattern analysis and machine intelligence},
  volume={22},
  year={2000}
}

@article{hietanen2016comparison,
  title={A comparison of feature detectors and descriptors for object class matching},
  author={Hietanen, Antti and Lankinen, Jukka and K{\"a}m{\"a}r{\"a}inen, Joni-Kristian and Buch, Anders Glent and Kr{\"u}ger, Norbert},
  journal={Neurocomputing},
  volume={184},
  pages={3--12},
  year={2016},
  publisher={Elsevier}
}

@article{lowe2004distinctive,
  title={Distinctive image features from scale-invariant keypoints},
  author={Lowe, David G},
  journal={International journal of computer vision},
  volume={60},
  number={2},
  pages={91--110},
  year={2004},
  publisher={Springer}
}

@article{tomasi1991detection,
  title={Detection and tracking of point features},
  author={Tomasi, Carlo and Kanade, Takeo},
  year={1991},
  publisher={School of Computer Science, Carnegie Mellon Univ. Pittsburgh}
}

@article{nister2004efficient,
  title={An efficient solution to the five-point relative pose problem},
  author={Nist{\'e}r, David},
  journal={IEEE transactions on pattern analysis and machine intelligence},
  volume={26},
  number={6},
  pages={756--770},
  year={2004},
  publisher={IEEE}
}

@article{longuet1981computer,
  title={A computer algorithm for reconstructing a scene from two projections},
  author={Longuet-Higgins, H Christopher},
  journal={Nature},
  volume={293},
  number={5828},
  pages={133},
  year={1981},
  publisher={Nature Publishing Group}
}

@misc{chli2017,
  author        = {Margarita Chli, Martin Rufli, Roland Siegwart},
  title         = {Lecture notes in Autonomous Mobile Robots},
  year          = {2017},
  note   = "URL: \url{https://www.ethz.ch/content/dam/ethz/special-interest/mavt/robotics-n-intelligent-systems/asl-dam/documents/lectures/autonomous_mobile_robots/spring-2017/2017%20-%20SLAM%20I%20-%20after%20lecture.pdf}. 
            Last visited on 11/18/2018",
  publisher={ETH Zurich}
}

@misc{cyrillslam,
  author        = {Cyrill Stachniss},
  title         = {Lecture notes in Robot Mapping},
  year          = {2013},
  note   = "URL: \url{http://ais.informatik.uni-freiburg.de/teaching/ws12/mapping/pdf/slam04-ekf-slam.pdf}. 
            Last visited on 11/18/2018",
  publisher={Uni Freiburg}
}

@inproceedings{klein2007parallel,
  title={Parallel tracking and mapping for small AR workspaces},
  author={Klein, Georg and Murray, David},
  booktitle={Mixed and Augmented Reality, 2007. ISMAR 2007. 6th IEEE and ACM International Symposium on},
  pages={225--234},
  year={2007},
  organization={IEEE}
}

@misc{ptamcode,
  author        = {Klein, Georg and Murray, David},
  title         = {Source Code of PTAM (Parallel Tracking and Mapping)},
  note   = "URL: \url{http://www.robots.ox.ac.uk/~gk/PTAM/}. 
            Last visited on 11/18/2018",
  publisher={ETH Zurich}
}

@inproceedings{davison2003real,
  title={Real-time simultaneous localisation and mapping with a single camera},
  author={Davison, Andrew J},
  pages={1403},
  year={2003},
  organization={IEEE}
}

@article{davison2007monoslam,
  title={MonoSLAM: Real-time single camera SLAM},
  author={Davison, Andrew J and Reid, Ian D and Molton, Nicholas D and Stasse, Olivier},
  journal={IEEE Transactions on Pattern Analysis \& Machine Intelligence},
  number={6},
  pages={1052--1067},
  year={2007},
  publisher={IEEE}
}

@misc{ByBo2015,
  author        = {Byron Boots},
  title         = {Statistical Techniques in Robotics},
  year          = {2015},
  note   = "URL: \url{https://www.cc.gatech.edu/~bboots3/STR-Spring2015/Lectures/Lecture12/Lecture12_notes.pdf}.
            Last visited on 11/18/2018"
}

@article{scaramuzza2011visual,
  title={Visual odometry [tutorial]},
  author={Scaramuzza, Davide and Fraundorfer, Friedrich},
  journal={IEEE robotics \& automation magazine},
  volume={18},
  number={4},
  pages={80--92},
  year={2011},
  publisher={IEEE}
}

@article{fraundorfer2012visual,
  title={Visual odometry: Part ii: Matching, robustness, optimization, and applications},
  author={Fraundorfer, Friedrich and Scaramuzza, Davide},
  journal={IEEE Robotics \& Automation Magazine},
  volume={19},
  number={2},
  pages={78--90},
  year={2012},
  publisher={IEEE}
}

@article{taketomi2017visual,
  title={Visual SLAM algorithms: a survey from 2010 to 2016},
  author={Taketomi, Takafumi and Uchiyama, Hideaki and Ikeda, Sei},
  journal={IPSJ Transactions on Computer Vision and Applications},
  volume={9},
  number={1},
  pages={16},
  year={2017},
  publisher={SpringerOpen}
}

@article{cadena2016past,
  title={Past, present, and future of simultaneous localization and mapping: Toward the robust-perception age},
  author={Cadena, Cesar and Carlone, Luca and Carrillo, Henry and Latif, Yasir and Scaramuzza, Davide and Neira, Jos{\'e} and Reid, Ian and Leonard, John J},
  journal={IEEE Transactions on Robotics},
  volume={32},
  number={6},
  pages={1309--1332},
  year={2016},
  publisher={IEEE}
}

@article{bresson2017simultaneous,
  title={Simultaneous localization and mapping: A survey of current trends in autonomous driving},
  author={Bresson, Guillaume and Alsayed, Zayed and Yu, Li and Glaser, S{\'e}bastien},
  journal={IEEE Transactions on Intelligent Vehicles},
  volume={20},
  pages={1--1},
  year={2017}
}

@article{strasdatavisual,
  title={Visual SLAM: Why Filter?},
  author={Strasdata, Hauke and Montielb, JMM and Davisona, Andrew J}
}

@article{bouguet2004camera,
  title={Camera calibration toolbox for matlab},
  author={Bouguet, J-Y},
  journal={http://www. vision. caltech. edu/bouguetj/calib\_doc/index. html},
  year={2004}
}

@inproceedings{heikkila1997four,
  title={A four-step camera calibration procedure with implicit image correction},
  author={Heikkila, Janne and Silven, Olli},
  booktitle={Computer Vision and Pattern Recognition, 1997. Proceedings., 1997 IEEE Computer Society Conference on},
  pages={1106--1112},
  year={1997},
  organization={IEEE}
}

@misc{camMATLAB,
  author        = {MATLAB},
  title         = {What is Camera Calibration},
  note   = "URL: \url{https://www.mathworks.com/help/vision/ug/camera-calibration.html}. 
            Last visited on 11/18/2018",
  publisher={MATLAB}
}

@misc{imgFormBoomgaard,
  author        = {Rein van den Boomgaard},
  title         = {Lecture Notes Image Processing and Computer Vision},
  note   = "URL: \url{https://staff.fnwi.uva.nl/r.vandenboomgaard/IPCV20162017/LectureNotes/IP/Images/ImageFormation.html}. 
            Last visited on 11/18/2018",
  publisher={Rein van den Boomgaard}
}

@misc{StarElec,
  author        = {Starlino Electronics},
  title         = {IMU Guide},
  note   = "URL: \url{http://www.starlino.com/imu_guide.html}.
            Last visited on 11/18/2018",
publisher={Starlino Electronics}
}


